
@BOOK{pieper:09,
  AUTHOR       = {John Pieper},
  TITLE        = {Automatic Measurement Control, A tutorial on SCPI and IEEE 488.2},
  PUBLISHER    = {Rhode \& Schwarz},
  YEAR         = {2007},
  ADDRESS      = {M\"{u}nchen, Germany}
}

@BOOK{downey,
  AUTHOR       = {Allen Downey},
  TITLE        = {Think Python, How to think like a computer scientist},
  PUBLISHER    = {Green Tea Press},
  YEAR         = {2012},
  ADDRESS      = {Needham, Massachusetts, United States}
}

@BOOK{fisher,
  AUTHOR       = {Eugene Fisher and C.W. Jensen},
  TITLE        = {PET and the IEEE 488 Bus (GPIB)},
  PUBLISHER    = {OSBORNE/McGraw-Hill},
  YEAR         = {1980},
  ADDRESS      = {Berkeley, California, United States}
}

@misc{pyvisa,
  title = {{PyVisa} online documentation},
  howpublished = {\url{https://pyvisa.readthedocs.io/en/stable/}},
  note = {Accessed: Sept 9th, 2016}
}

@misc{pystruct,
  title = {{Python struct} online documentation},
  howpublished = {\url{https://docs.python.org/2/library/struct.html}},
  note = {Accessed: Sept 9th, 2016}
}
@misc{nivisa,
  title = {{NI-VISA} online documentation},
  howpublished = {\url{http://sine.ni.com/np/app/main/p/ap/ictrl/lang/de/pg/1/sn/n17:ictrl,n21:25/fmid/6000/}},
  note = {Accessed: Sept 20th, 2016}
}

@manual{VPI,
  ALTauthor = {VPIphotonics GmbH},
  title = {VPItransmissionMaker/VPIcomponentMaker, Developer Guide},
  date = {April, 2016},
  OPTlanguage = {English},
  OPTversion = {},
  OPTorganization = {VPIphotonics GmbH},
  OPTpagetotal = {380},
  OPTpubstate = {},
}

@manual{KP,
  ALTauthor = {Keysight Technologies},
  title = {Keysight Infiniium Oscilloscopes, Programming Manual},
  date = {April, 2016},
  OPTlanguage = {English},
  OPTversion = {},
  OPTorganization = {Keysight Technologies},
  OPTpagetotal = {1572},
  OPTpubstate = {},
}

@INPROCEEDINGS{tmsl,
author={J. Nemeth-Johannes},
booktitle={Instrumentation and Measurement Technology Conference, 1990. IMTC-90. Conference Record., 7th IEEE},
title={A standardized instrument programming language based on IEEE Std 488.2},
year={1990},
pages={306-310},
keywords={computerised instrumentation;programming languages;standards;Hewlett Packard;IEEE Std 488.2;TMSL;Test and Measurement System Language;signal-oriented measurements;standardized instrument programming language;standardized model;tree-structured command set;Automatic testing;Computer languages;Functional programming;Hardware;High level languages;Instruments;Logic testing;Reliability engineering;Switches;System testing},
doi={10.1109/IMTC.1990.66026},
month={Feb},}

@INPROCEEDINGS{mueller,
author={J. E. Mueller},
booktitle={Instrumentation and Measurement Technology Conference, 1989. IMTC-89. Conference Record., 6th IEEE},
title={Efficient instrument design using IEEE 488.2},
year={1989},
pages={66-70},
keywords={computer interfaces;computerised instrumentation;protocols;standards;IEEE 488 programmable instrumentation;IEEE 488.2;common commands;computerised instrumentation;data stream interface;parser;protocols;software driver;standard formats;Instruments;Microprogramming;Operating systems;Protocols;Software standards;Timing},
doi={10.1109/IMTC.1989.36822},
month={Apr},}

@ARTICLE{ieee488:2,
journal={IEC 60488-2 First edition 2004-05; IEEE 488.2},
title={Standard Digital Interface for Programmable Instrumentation - Part 2: Codes, Formats, Protocols and Common Commands (Adoption of IEEE Std 488.2-1992)},
year={2004},
doi={10.1109/IEEESTD.2004.95390},
month={},}

@ARTICLE{ieee488:2o,
journal={ANSI/IEEE Std 488.2-1987},
title={IEEE Standard Codes, Formats, Protocols, and Common Commands. for Use With ANSI/IEEE Std 488.1-1987 IEEE Standard Digital Interface for Programmable Instrumentation},
year={1988},
keywords={computer interfaces;computerised instrumentation;electronic messaging;protocols;standards;ANSI/IEEE Std 488.1-1987;IEEE 488.1 bus;IEEE 488.1 subsets;IEEE standard codes;application independent device-dependent message exchanges;codes;common commands;communication protocols;error handling;formats;instrumentation controller;interconnect devices;interface functions;measurement;medium-scale instrument systems;program message syntactic structures;programmable instrumentation;response message syntactic structures;standard;standard message handling protocols;status reporting structures;stimulus;synchronization protocols;system configuration;Computer interfaces;Message systems;Protocols;Standards},
doi={10.1109/IEEESTD.1988.120316},
month={},}

@article{tmp,  
  author    = {},  
 title        = {},  
  journal   = {},  
  volume    = {},  
  number    = {},  
  year      = {},  
  pages     = {},  
}