@article{redmond_heneghan,  
  author    = "Redmond and Heneghan",  
  title     = {Cardiorespiratory-based sleep staging in subjects with obstructive sleep apnea},  
  journal   = {IEEE Transactions on Biomedical Engineering},  
  volume    = {53},  
  number    = {3},  
  year      = {2006},  
  pages     = {485 - 497},  
}

@article{cst,  
  author    = {CST},  
 title        = {Computer Simulation Technology},  
  journal   = {microwave studio - \url{https://www.cst.com/products/cstmws}},  
  volume    = {},  
  number    = {},  
  year      = {},  
  pages     = {},  
}

@article{Nataf,  
  author    = "Nataf, A",  
  title     = {Determination des distributions dont les marges sont donnees.},  
  journal   = {C. R. Acad. Sci.},  
  volume    = {225},  
  year      = {1962},  
  pages     = {42-43},  
}

@article{Loukrezis_2019,
	author  = {Dimitrios Loukrezis and Ulrich  R\"omer and Herbert  De Gersem},
	title   = {ASSESSING THE PERFORMANCE OF LEJA AND CLENSHAW-CURTIS COLLOCATION FOR COMPUTATIONAL ELECTROMAGNETICS WITH RANDOM INPUT DATA},
	journal = {International Journal for Uncertainty Quantification},
	issn    = {2152-5080},
	year    = {2019},
	volume  = {9},
	number  = {1},
	pages   = {33--57}
}


@book{paskov1994computing,
  title={Computing high dimensional integrals with applications to finance},
  author={Paskov, Spassimir H},
  year={1994},
  publisher={Citeseer}
}

@inproceedings{marelli2015uqlab,
  title={UQLab: A framework for uncertainty quantification in Matlab},
  author={Marelli, Stefano and Sudret, Bruno},
  booktitle={SIAM Conference on Uncertainty Quantification},
  year={2015},
  organization={ETH-Z{\"u}rich}
}

@book{sobolMonte-Carlo,
   title =     {A Primer for the Monte Carlo Method},
   author =    {Ilya M. Sobol},
   publisher = {CRC Press},
   isbn =      {9780849386732,0-8493-8673-X},
   year =      {1994},
   series =    {},
   edition =   {1},
   volume =    {},
   url =       {http://gen.lib.rus.ec/book/index.php?md5=2807439F7E96CDEA277C7F0764E2746D}
}

@article{multiresMonteCarlo,
author = {Christopher H Holloman and Herbert K. H Lee and Dave M Higdon},
title = {Multiresolution Genetic Algorithms and Markov chain Monte Carlo},
journal = {Journal of Computational and Graphical Statistics},
volume = {15},
number = {4},
pages = {861-879},
year  = {2006},
publisher = {Taylor & Francis},
doi = {10.1198/106186006X157423},

URL = { 
        https://doi.org/10.1198/106186006X157423
    
},
eprint = { 
        https://doi.org/10.1198/106186006X157423
    
}

}

@article{quasiMonte-CarloSobol,
title = "On quasi-Monte Carlo integrations",
journal = "Mathematics and Computers in Simulation",
volume = "47",
number = "2",
pages = "103 - 112",
year = "1998",
issn = "0378-4754",
doi = "https://doi.org/10.1016/S0378-4754(98)00096-2",
url = "http://www.sciencedirect.com/science/article/pii/S0378475498000962",
author = "I.M. Sobol",
keywords = "Monte Carlo method, Quasi-Monte Carlo method, Uniformly distributed sequences, Low-discrepancy sequences, Numerical integration",
abstract = "Relations between Monte Carlo and quasi-Monte Carlo methods are analysed from both theoretical and practical points of view with special emphasis on high-dimensional integration."
}

@ARTICLE{austinFDTD, 
author={A. C. M. {Austin} and C. D. {Sarris}}, 
journal={IEEE Transactions on Microwave Theory and Techniques}, 
title={Efficient Analysis of Geometrical Uncertainty in the FDTD Method Using Polynomial Chaos With Application to Microwave Circuits}, 
year={2013}, 
volume={61}, 
number={12}, 
pages={4293-4301}, 
keywords={chaos;finite difference time-domain analysis;geometry;integrated circuit modelling;microwave integrated circuits;Monte Carlo methods;S-parameters;geometrical uncertainty;FDTD method;finite-difference time-domain based method;3D microwave circuits;variability parameters;tolerances parameters;geometrical variation;FDTD algorithm;rectilinear computational lattices;curvilinear computational lattices;generalized polynomial chaos;time-domain electric fields;magnetic fields;orthogonal polynomial chaos basis functions;uncertain mesh parameters;microstrip circuits modeling;S-parameters;Monte Carlo method;Uncertainty;Time-domain analysis;Polynomials;Finite difference methods;Chaos;Lattices;Geometry;Finite difference time domain (FDTD);microwave circuit modeling;statistical modeling;stochastic analysis;uncertainty}, 
doi={10.1109/TMTT.2013.2281777}, 
ISSN={0018-9480}, 
month={Dec},}

@article{xiu:WienerAskey,
author = {Xiu, D. and Karniadakis, G.},
title = {The Wiener--Askey Polynomial Chaos for Stochastic Differential Equations},
journal = {SIAM Journal on Scientific Computing},
volume = {24},
number = {2},
pages = {619-644},
year = {2002},
doi = {10.1137/S1064827501387826},

URL = { 
        https://doi.org/10.1137/S1064827501387826
    
},
eprint = { 
        https://doi.org/10.1137/S1064827501387826
    
}

}


@book{taflove,
   title =     {Computational electrodynamics: the finite-difference time-domain method},
   author =    {Allen Taflove},
   publisher = {Artech House},
   isbn =      {0890067929,9780890067925},
   year =      {1995},
   series =    {Antennas {\&} Propagation Library},
   edition =   {},
   volume =    {},
   url =       {http://gen.lib.rus.ec/book/index.php?md5=6CB1C146014AB7070A01C71B3BA50412}
}

@book{MeyerWavelet,
   title =     {Wavelets and Operators},
   author =    {Yves Meyer},
   publisher = {Cambridge University Press},
   isbn =      {0521420008,9780521420006},
   year =      {1993},
   series =    {Cambridge Studies in Advanced Mathematics},
   edition =   {},
   volume =    {},
   url =       {http://gen.lib.rus.ec/book/index.php?md5=01823E2140A0D12513FF755F268A2AED}
}

@book{sullivan,
   title =     {Introduction to Uncertainty Quantification},
   author =    {T.J. Sullivan},
   publisher = {Springer},
   isbn =      {3319233947,9783319233949},
   year =      {2015},
   series =    {Texts in Applied Mathematics},
   edition =   {},
   volume =    {},
   url =       {http://gen.lib.rus.ec/book/index.php?md5=768d7b9e05d7d5b68526d99b9cbe3890}
}


@article{WanMultiElement,
author = {Wan, X. and Karniadakis, G.},
title = {Multi-Element Generalized Polynomial Chaos for Arbitrary Probability Measures},
journal = {SIAM Journal on Scientific Computing},
volume = {28},
number = {3},
pages = {901-928},
year = {2006},
doi = {10.1137/050627630},

URL = { 
        https://doi.org/10.1137/050627630
    
},
eprint = { 
        https://doi.org/10.1137/050627630
    
}

}

@article{LeMaitre:2004:Haar,
 author = {Le Ma\^{\i}tre, O. P. and Knio, O. M. and Najm, H. N. and Ghanem, R. G.},
 title = {Uncertainty Propagation Using Wiener-Haar Expansions},
 journal = {J. Comput. Phys.},
 issue_date = {10 June 2004},
 volume = {197},
 number = {1},
 month = jun,
 year = {2004},
 issn = {0021-9991},
 pages = {28--57},
 numpages = {30},
 url = {http://dx.doi.org/10.1016/j.jcp.2003.11.033},
 doi = {10.1016/j.jcp.2003.11.033},
 acmid = {1016239},
 publisher = {Academic Press Professional, Inc.},
 address = {San Diego, CA, USA},
 keywords = {polynomial chaos, stochastic process, uncertainty quantification, wavelets},
} 

@article{rosenblatt1952,
author = "Rosenblatt, Murray",
doi = "10.1214/aoms/1177729394",
fjournal = "The Annals of Mathematical Statistics",
journal = "Ann. Math. Statist.",
month = "09",
number = "3",
pages = "470--472",
publisher = "The Institute of Mathematical Statistics",
title = "Remarks on a Multivariate Transformation",
url = "https://doi.org/10.1214/aoms/1177729394",
volume = "23",
year = "1952"
}


@article{schuhmann2001conservation,
  title={Conservation of discrete energy and related laws in the finite integration technique},
  author={Schuhmann, Rolf and Weiland, Thomas},
  journal={Progress In Electromagnetics Research},
  volume={32},
  pages={301--316},
  year={2001},
  publisher={EMW Publishing}
}

@ARTICLE{MORzadehgol, 
author={A. {Zadehgol}}, 
journal={IEEE Transactions on Antennas and Propagation}, 
title={Stochastic Reduced-Order Electromagnetic Macromodels in FDTD}, 
year={2016}, 
volume={64}, 
number={8}, 
pages={3496-3508}, 
keywords={computational electromagnetics;electromagnetic fields;finite difference time-domain analysis;rectangular waveguides;stochastic reduced-order electromagnetic macromodels;finite-difference time domain grid;FDTD grid;stochastic-based design optimization;multiscale structures;electrical devices;electrical circuits;computational efficiency;model order reduction;electromagnetic system response;random material;structural variations;stochastic transient electromagnetic fields;3D bandgap structure;rectangular waveguide;dielectric posts;Stochastic processes;Uncertainty;Time-domain analysis;Finite difference methods;Computational modeling;Monte Carlo methods;Finite-difference time domain (FDTD);macromodel;stochastic}, 
doi={10.1109/TAP.2016.2574879}, 
ISSN={0018-926X}, 
month={Aug},}

@article{cheng2017application,
  title={Application of different methods to quantify uncertainty in specific absorption rate calculation using a CAD-based mobile phone model},
  author={Cheng, Xi and Monebhurrun, Vikass},
  journal={IEEE Transactions on Electromagnetic Compatibility},
  volume={59},
  number={1},
  pages={14--23},
  year={2017},
  publisher={IEEE}
}

@article{Leja1957,
author = {Leja, Franciszek},
journal = {Annales Polonici Mathematici},
keywords = {partial differential equations},
language = {fre},
number = {1},
pages = {8-13},
title = {Sur certaines suites liées aux ensembles plans et leur application à la représentation conforme},
url = {http://eudml.org/doc/208291},
volume = {4},
year = {1957},
}

@book{collins,
   title =     {Field Theory of Guided Waves},
   author =    {Collin R.E.},
   publisher = {Wiley},
   isbn =      {0879422378,9780879422370},
   year =      {1990},
   series =    {IEEE Press Series on Electromagnetic Wave Theory},
   edition =   {2ed},
   volume =    {},
   url =       {http://gen.lib.rus.ec/book/index.php?md5=790A6E8C7E3476A7080A3AA2F0537841}
}

@article{gausskronrod-nested,
  title={On computing Gauss-Kronrod quadrature formulae},
  author={Cali{\`o}, Franca and Gautschi, Walter and Marchetti, Elena},
  journal={mathematics of computation},
  volume={47},
  number={176},
  pages={639--650},
  year={1986}
}

@article{leja-loukresiz,
  author    = {Dimitrios Loukrezis and
               Ulrich R{\"{o}}mer and
               Herbert De Gersem},
  title     = {Numerical Comparison of Leja and Clenshaw-Curtis Dimension-Adaptive
               Collocation for Stochastic Parametric Electromagnetic Field Problems},
  journal   = {CoRR},
  volume    = {abs/1712.07223},
  year      = {2017},
  url       = {http://arxiv.org/abs/1712.07223},
  archivePrefix = {arXiv},
  eprint    = {1712.07223},
  timestamp = {Mon, 13 Aug 2018 16:48:18 +0200},
  biburl    = {https://dblp.org/rec/bib/journals/corr/abs-1712-07223},
  bibsource = {dblp computer science bibliography, https://dblp.org}
}

@article{leja-narayan,
author = {Narayan, A. and Jakeman, J.},
title = {Adaptive Leja Sparse Grid Constructions for Stochastic Collocation and High-Dimensional Approximation},
journal = {SIAM Journal on Scientific Computing},
volume = {36},
number = {6},
pages = {A2952-A2983},
year = {2014},
doi = {10.1137/140966368},

URL = { 
        https://doi.org/10.1137/140966368
    
},
eprint = { 
        https://doi.org/10.1137/140966368
    
}

}

@book{elstrodt,
   title =     {Maß- und Integrationstheorie},
   author =    {Jürgen Elstrodt  },
   publisher = {Springer Berlin Heidelberg},
   isbn =      {9783540897279},
   year =      {2009},
   series =    {Springer-Lehrbuch},
   edition =   {6., korr. Aufl.},
   volume =    {},
   url =       {http://gen.lib.rus.ec/book/index.php?md5=1571BF7AB68A49C2DA7CADDBDFA2CE44}}

@book{as,
   title =     {Handbook of Mathematical Functions},
   author =    {Abramowitz M., Stegun I.A.},
   publisher = {},
   isbn =      {},
   year =      {1964},
   series =    {},
   edition =   {9},
   volume =    {},
   url =       {http://gen.lib.rus.ec/book/index.php?md5=90745B2033C39A2B60F8D834E2F498CD}}
   

@article{TrefethenGauss,
author = {Trefethen, L.},
title = {Is Gauss Quadrature Better than Clenshaw–Curtis?},
journal = {SIAM Review},
volume = {50},
number = {1},
pages = {67-87},
year = {2008},
doi = {10.1137/060659831},

URL = { 
        https://doi.org/10.1137/060659831
    
},
eprint = { 
        https://doi.org/10.1137/060659831
    
}

}
   
@article{sobol1993sensitivity,
  title={Sensitivity estimates for nonlinear mathematical models},
  author={Sobol, Ilya M},
  journal={Mathematical modelling and computational experiments},
  volume={1},
  number={4},
  pages={407--414},
  year={1993}
}
   
@article{ernst2015analysis,
  title={Analysis of the ensemble and polynomial chaos Kalman filters in Bayesian inverse problems},
  author={Ernst, Oliver G and Sprungk, Björn and Starkloff, Hans-Jörg},
  journal={SIAM/ASA Journal on Uncertainty Quantification},
  volume={3},
  number={1},
  pages={823--851},
  year={2015},
  publisher={SIAM}
}

@book{downey2014think,
  added-at = {2017-03-24T12:14:00.000+0100},
  address = {Needham, Massachusetts},
  author = {Downey, Allen},
  biburl = {https://www.bibsonomy.org/bibtex/2cb4f5d0a297ed52285727b931509f57d/l.sz.},
  edition = 2,
  interhash = {88431f4a2600a75359b2bbcec05c285c},
  intrahash = {cb4f5d0a297ed52285727b931509f57d},
  keywords = {computerscience formalLanguage programming python},
  month = {Juni},
  publisher = {Green Tea Press},
  shorttitle = {Think Python},
  timestamp = {2017-03-29T14:43:14.000+0200},
  title = {Think Python. How to Think Like a Computer Scientist},
  year = 2014
}

@book{lauwens2019think,
  title={Think Julia: How to Think Like a Computer Scientist},
  author={Lauwens, B. and Downey, A.B.},
  isbn={9781492045038},
  url={https://books.google.de/books?id=WnbsvgEACAAJ},
  year={2019},
  publisher={O'Reilly Media, Incorporated}
}


@misc{mertins,
isbn = {9783834881090},
year = {2013},
title = {Signaltheorie : Grundlagen der Signalbeschreibung, Filterbänke, Wavelets, Zeit-Frequenz-Analyse, Parameter- und Signalschätzung ; mit ... 5 Tabellen},
edition = {3., überarb. und erw. Aufl.},
language = {ger},
author = {Mertins, Alfred},
keywords = {Signaltheorie},
}





@article{on-generating-polynomials,
author = {Gautschi, W.},
title = {On Generating Orthogonal Polynomials},
journal = {SIAM Journal on Scientific and Statistical Computing},
volume = {3},
number = {3},
pages = {289-317},
year = {1982},
doi = {10.1137/0903018},

URL = { 
        https://doi.org/10.1137/0903018
    
},
eprint = { 
        https://doi.org/10.1137/0903018
    
}

}




@book{henke,
   title =     {Elektromagnetische Felder: Theorie und Anwendung},
   author =    {Heino Henke},
   publisher = {Springer Vieweg},
   isbn =      {3662469170,9783662469170},
   year =      {2015},
   series =    {Springer-Lehrbuch},
   edition =   {5},
   volume =    {},
   url =       {http://gen.lib.rus.ec/book/index.php?md5=2477C7B352ABECD1FECEADD91FE3D4C7}}

@book{zinkebrunswig,
   title =     {Hochfrequenztechnik 1: Hochfrequenzfilter, Leitungen, Antennen},
   author =    {{O. Zinke} and {H. Brunswig}  },
   publisher = {Springer-Verlag Berlin Heidelberg},
   isbn =      {978-3-642-63050-7,978-3-642-57131-2},
   year =      {2000},
   series =    {Springer-Lehrbuch},
   edition =   {6},
   volume =    {},
   url =       {http://gen.lib.rus.ec/book/index.php?md5=9E196AF6DDBAE85260832B7D30E4B3BB}}

@article{hosder,  
  author    = "S. Hosder",  
  title     = {Efficient Sampling for Non-Intrusive Polynomial Chaos Applications with Multiple Uncertain Input Variables},  
  journal   = {Proceedings of the 9th AIAA Non-Deterministic Approaches Conference},  
  volume    = {American Institute of Aeronautics and Astronautics (AIAA)},  
  number    = {},  
  year      = {2007},  
  pages     = {485 - 497},  
}

@article{ convergence-polychaos,
	author = {{Ernst, Oliver G.} and {Mugler, Antje} and {Starkloff, Hans-J\"org} and {Ullmann, Elisabeth}},
	title = {On the convergence of generalized polynomial chaos
          expansions},
	DOI= "10.1051/m2an/2011045",
	url= "https://doi.org/10.1051/m2an/2011045",
	journal = {ESAIM: M2AN},
	year = 2012,
	volume = 46,
	number = 2,
	pages = "317-339",
	month = "",
}

 
@article{golub,  
  author    = "G. H. Golub and J. H. Welsch",  
  title     = {Calculation of Gauss quadrature rules},  
  journal   = {Mathematics of Computation},  
  volume    = {23},  
  number    = {},  
  year      = {1969},  
  pages     = {221-230},  
} 
 
 @article{gauss-christoffel,  
  author    = "W. Gautschi",  
  title     = {Construction of Gauss-Christoffel quadrature formulas.},  
  journal   = {Mathematics of Computation},  
  volume    = {22},  
  number    = {},  
  year      = {1968},  
  pages     = {251-270},  
}

@article{chaospy,
title = "Chaospy: An open source tool for designing methods of uncertainty quantification",
journal = "Journal of Computational Science",
volume = "11",
pages = "46 - 57",
year = "2015",
issn = "1877-7503",
doi = "https://doi.org/10.1016/j.jocs.2015.08.008",
url = "http://www.sciencedirect.com/science/article/pii/S1877750315300119",
author = "Jonathan Feinberg and Hans Petter Langtangen",
keywords = "Uncertainty quantification, Polynomial chaos expansions, Monte Carlo simulation, Rosenblatt transformations, Python package",
abstract = "The paper describes the philosophy, design, functionality, and usage of the Python software toolbox Chaospy for performing uncertainty quantification via polynomial chaos expansions and Monte Carlo simulation. The paper compares Chaospy to similar packages and demonstrates a stronger focus on defining reusable software building blocks that can easily be assembled to construct new, tailored algorithms for uncertainty quantification. For example, a Chaospy user can in a few lines of high-level computer code define custom distributions, polynomials, integration rules, sampling schemes, and statistical metrics for uncertainty analysis. In addition, the software introduces some novel methodological advances, like a framework for computing Rosenblatt transformations and a new approach for creating polynomial chaos expansions with dependent stochastic variables."
}


@article{xiuEffColloc,
title = "Efficient collocational approach for parametric uncertainty analysis",
abstract = "A numerical algorithm for effective incorporation of parametric uncertainty into mathematical models is presented. The uncertain parameters are modeled as random variables, and the governing equations are treated as stochastic. The solutions, or quantities of interests, are expressed as convergent series of orthogonal polynomial expansions in terms of the input random parameters. A high-order stochastic collocation method is employed to solve the solution statistics, and more importantly, to reconstruct the polynomial expansion. While retaining the high accuracy by polynomial expansion, the resulting {"}pseudo-spectral{"} type algorithm is straightforward to implement as it requires only repetitive deterministic simulations. An estimate on error bounded is presented, along with numerical examples for problems with relatively complicated forms of governing equations.",
keywords = "Collocation methods, Pseudo-spectral methods, Random differential equations, Stochastic inputs, Uncertainty quantification",
author = "Dongbin Xiu",
year = "2007",
month = "4",
language = "English (US)",
volume = "2",
pages = "293--309",
journal = "Communications in Computational Physics",
issn = "1815-2406",
publisher = "Global Science Press",
number = "2",
}

Access to Document
Link to publication in Scopus


@book{sparseGridFinance,
   title =     {Sparse Grid Quadrature in High Dimensions with Applications in Finance and Insurance},
   author =    {Markus Holtz  },
   publisher = {Springer-Verlag Berlin Heidelberg},
   isbn =      {3642160034,9783642160035,9783642160042},
   year =      {2011},
   series =    {Lecture Notes in Computational Science and Engineering 77},
   edition =   {1},
   volume =    {},
   url =       {http://gen.lib.rus.ec/book/index.php?md5=3A95B7BCDCD7CD0254AA33AFE328820E}}

@book{birkhauserTensor,
   title =     {An Introduction to Tensors and Group Theory for Physicists  },
   author =    {Nadir Jeevanjee  },
   publisher = {Birkhäuser Boston},
   isbn =      {0817647147,9780817647148},
   year =      {2011},
   series =    {},
   edition =   {1st Edition},
   volume =    {},
   url =       {http://gen.lib.rus.ec/book/index.php?md5=6C6C157D71EA522E06DBB10835BD6D48}}

@article{xiuColloc,
author = {Xiu, D. and Hesthaven, J.},
title = {High-Order Collocation Methods for Differential Equations with Random Inputs},
journal = {SIAM Journal on Scientific Computing},
volume = {27},
number = {3},
pages = {1118-1139},
year = {2005},
doi = {10.1137/040615201},

URL = { 
        https://doi.org/10.1137/040615201
    
},
eprint = { 
        https://doi.org/10.1137/040615201
    
}

}

@ARTICLE{austinPCchannelModels, 
author={A. C. M. Austin and N. Sood and J. Siu and C. D. Sarris}, 
journal={IEEE Transactions on Antennas and Propagation}, 
title={Application of Polynomial Chaos to Quantify Uncertainty in Deterministic Channel Models}, 
year={2013}, 
volume={61}, 
number={11}, 
pages={5754-5761}, 
keywords={chaos;finite difference time-domain analysis;indoor radio;Monte Carlo methods;polynomials;ray tracing;receiving antennas;transmitting antennas;wireless channels;polynomial chaos;deterministic channel models;nonintrusive formulation;indoor radio channel;finite-difference time-domain method;FDTD method;ray tracing;parameter uncertainty;material properties;building geometry;spatial location;transmitting antennas;receiving antennas;Monte Carlo simulations;sector-averaged path loss;input parameter uncertainties;Uncertainty;Polynomials;Chaos;Finite difference methods;Time-domain analysis;Monte Carlo methods;Material properties;Finite difference methods;indoor propagation;indoor radio communication;ray tracing;uncertainty}, 
doi={10.1109/TAP.2013.2279094}, 
ISSN={0018-926X}, 
month={Nov},}

@article{cameron-martin,
 ISSN = {0003486X},
 URL = {http://www.jstor.org/stable/1969178},
 author = {R. H. Cameron and W. T. Martin},
 journal = {Annals of Mathematics},
 number = {2},
 pages = {385--392},
 publisher = {Annals of Mathematics},
 title = {The Orthogonal Development of Non-Linear Functionals in Series of Fourier-Hermite Functionals},
 volume = {48},
 year = {1947}
}

@book{ieee754
,note={Note: Standard 754--1985}
,title={{IEEE standard for binary floating-point arithmetic}}
,booktitle={{IEEE standard for binary floating-point arithmetic}}
,publisher={Institute of Electrical and Electronics Engineers}
,address={New York}
,year={1985}
}

@ARTICLE{koenigTUB, 
author={ Wolfgang König }, 
journal={{T}{U} {B}erlin}, 
title={{W}ahrscheinlichkeitstheorie I und II}, 
year={2013}, 
volume={lecture notes}, 
}

@ARTICLE{weiland01, 
author={M. Clemens and T. Weiland}, 
journal={Progress In Electromagnetics Research}, 
title={discrete electromagnetism with the finite integration technique}, 
year={2001}, 
volume={32}, 
number={10}, 
pages={65-87}, 
}

@ARTICLE{yee66, 
author={Kane Yee}, 
journal={IEEE Transactions on Antennas and Propagation}, 
title={Numerical solution of initial boundary value problems involving maxwell's equations in isotropic media}, 
year={1966}, 
volume={14}, 
number={3}, 
pages={302-307}, 
keywords={EMP radiation effects.;Magnetic scattering by absorbing media;Boundary conditions;Boundary value problems;Conductors;Difference equations;Differential equations;EMP radiation effects;Electromagnetic scattering;Finite difference methods;Maxwell equations;Partial differential equations}, 
doi={10.1109/TAP.1966.1138693}, 
ISSN={0018-926X}, 
month={May},}

@article{wiener,
 ISSN = {00029327, 10806377},
 URL = {http://www.jstor.org/stable/2371268},
 author = {Norbert Wiener},
 journal = {American Journal of Mathematics},
 number = {4},
 pages = {897--936},
 publisher = {Johns Hopkins University Press},
 title = {The Homogeneous Chaos},
 volume = {60},
 year = {1938}
}



@ARTICLE{smith, 
author={S. M. Smith and C. Furse}, 
journal={IEEE Transactions on Antennas and Propagation}, 
title={Stochastic FDTD for Analysis of Statistical Variation in Electromagnetic Fields}, 
year={2012}, 
volume={60}, 
number={7}, 
pages={3343-3350}, 
keywords={approximation theory;electromagnetic field theory;finite difference time-domain analysis;Monte Carlo methods;statistical analysis;stochastic processes;stochastic FDTD method;statistical variation analysis;electromagnetic fields;stochastic finite difference time domain method;electrical property uncertainty;1D derivation;truncated Taylor series approximations;S-FDTD analysis;Monte Carlo analysis;1D bioelectromagnetic;field cross correlations;reflection coefficient;Finite difference methods;Time domain analysis;Equations;Mathematical model;Correlation;Approximation methods;Monte Carlo methods;Delta method;finite-difference time-domain (FDTD);Monte Carlo;statistics;stochastic FDTD (S-FDTD);variance}, 
doi={10.1109/TAP.2012.2196962}, 
ISSN={0018-926X}, 
month={July},}

@article{smolyak,  
  author    = "A. Smolyak",  
  title     = {Quadrature and interpolation formulas for tensor products of certain classes of functions},  
  journal   = {Dokl. Akad. Nauk SSSR},  
  volume    = {148},  
  number    = {5},  
  year      = {1963},  
  pages     = {1042–1045 },  
}

@article{xiuWienerAskey,
author = {Xiu, D. and Karniadakis, G.},
title = {The Wiener--Askey Polynomial Chaos for Stochastic Differential Equations},
journal = {SIAM Journal on Scientific Computing},
volume = {24},
number = {2},
pages = {619-644},
year = {2002},
doi = {10.1137/S1064827501387826},

URL = { 
        https://doi.org/10.1137/S1064827501387826
    
},
eprint = { 
        https://doi.org/10.1137/S1064827501387826
    
}

}


@article{CRESTAUX20091161,
title = "Polynomial chaos expansion for sensitivity analysis",
journal = "Reliability Engineering \& System Safety",
volume = "94",
number = "7",
pages = "1161 - 1172",
year = "2009",
note = "Special Issue on Sensitivity Analysis",
issn = "0951-8320",
doi = "https://doi.org/10.1016/j.ress.2008.10.008",
url = "http://www.sciencedirect.com/science/article/pii/S0951832008002561",
author = "Thierry Crestaux and Olivier Le Maître and Jean-Marc Martinez",
keywords = "Sensitivity analysis, Sobol's decomposition, Polynomial chaos, Uncertainty quantification"
}

@INPROCEEDINGS{zygiridisAxial, 
author={T. T. Zygiridis and A. D. Papadopoulos and N. V. Kantartzis and C. S. Antonopoulos and E. N. Glytsis and T. D. Tsiboukis}, 
booktitle={2016 IEEE Conference on Electromagnetic Field Computation (CEFC)}, 
title={Polynomial-chaos time-domain method for uncertainty analysis of axially-symmetric structures}, 
year={2016}, 
volume={}, 
number={}, 
pages={1-1}, 
keywords={chaos;finite difference time-domain analysis;polynomials;uncertainty handling;polynomial-chaos time-domain method;uncertainty analysis;axially-symmetric structures;finite-difference time-domain method;polynomial-chaos expansions;material uncertainties;problem periodicity;3D simulations;statistical information;Time-domain analysis;Finite difference methods;Uncertainty;Chaos;Standards;Computational modeling;Stochastic processes;Axial symmetry;finite-difference time-domain (FDTD) method;polynomial chaos;uncertainty}, 
doi={10.1109/CEFC.2016.7816373}, 
ISSN={}, 
month={Nov},}

@article{pyrialakos,  
  author    = "G. G. Pyrialakos, T. T. Zygiridis, N. V. Kantartzis",  
  title     = {A 3-D Polynomial-Chaos FDTD Technique for Complex Inhomogeneous Media with Arbitrary Stochastically-Varying Index Gradients}, 
  journal   = {ACES Express},  
  volume    = {1},  
  number    = {3},  
  year      = {2016},  
  pages     = {},  
}

@article{RENAULT1996231,
title = "A new algorithm for computing orthogonal polynomials",
journal = "Journal of Computational and Applied Mathematics",
volume = "75",
number = "2",
pages = "231 - 248",
year = "1996",
issn = "0377-0427",
doi = "https://doi.org/10.1016/S0377-0427(96)00064-7",
url = "http://www.sciencedirect.com/science/article/pii/S0377042796000647",
author = "O. Renault",
keywords = "Orthogonal polynomials, Fast Fourier transform, Hankel matrices",
abstract = "The aim of this paper is to present an algorithm for computing orthogonal polynomials. The fast Fourier transform completes the connection given by Draux between the three-term recurrence relationship and the Euclidian algorithm. Applications to Hankel systems and numerical examples illustrate our purpose."
}

@article{kolda2009tensor,
  title={Tensor decompositions and applications},
  author={Kolda, Tamara G and Bader, Brett W},
  journal={SIAM review},
  volume={51},
  number={3},
  pages={455--500},
  year={2009},
  publisher={SIAM}
}

@article{zygiridisPCFDTD-emfields,
author = {Zygiridis, Theodoros and Kantartzis, Nikolaos and Tsiboukis, Theodoros},
title = {Investigation of uncertainty in lightning-produced EM fields with a polynomial-chaos FDTD approach},
journal = {International Journal of Numerical Modelling: Electronic Networks, Devices and Fields},
volume = {31},
year = {2016},
number = {2},
pages = {e2238},
keywords = {finite-difference time-domain method, lightning, polynomial chaos, uncertainty},
doi = {10.1002/jnm.2238},
url = {https://onlinelibrary.wiley.com/doi/abs/10.1002/jnm.2238},
eprint = {https://onlinelibrary.wiley.com/doi/pdf/10.1002/jnm.2238},
note = {e2238 jnm.2238},
abstract = {Abstract The aim of this paper is to investigate the impact of the ground-material uncertainty on the properties of electromagnetic fields generated by lightning strikes. Although several analytical as well as numerical approaches have been proposed throughout previous years for the prediction of lightning-induced fields, these are mostly applied within a fully deterministic context, thus overlooking the degree of randomness that the corresponding problems may exhibit. Considering the rotational independence of setups with vertical lightning channels and flat terrains, we propose a stochastic finite-difference time-domain algorithm that takes advantage of the generalized polynomial-chaos theory. The latter enables the representation of random processes via expansions with respect to specific orthogonal polynomials and facilitates capturing the fundamental statistical properties of the produced fields. The resulting scheme preserves the structure of the original Yee algorithm and, although computationally heavier than the latter, is clearly more efficient than conducting brute-force Monte Carlo studies. The potential of the proposed stochastic method is assessed via various numerical results, calculation of statistical metrics, and comparisons with reference solutions.}
}


@INPROCEEDINGS{austinParam, 
author={A. C. M. Austin and C. D. Sarris}, 
booktitle={2013 IEEE MTT-S International Microwave Symposium Digest (MTT)}, 
title={Efficient analysis of parameter uncertainty in FDTD models of microwave circuits using polynomial chaos}, 
year={2013}, 
volume={}, 
number={}, 
pages={1-4}, 
keywords={chaos;electric fields;finite difference time-domain analysis;low-pass filters;magnetic fields;microstrip filters;microwave circuits;Monte Carlo methods;polynomials;S-parameters;parameter uncertainty;FDTD models;3D microwave circuits;polynomial chaos;time-domain electric fields;magnetic fields;orthogonal polynomial basis functions;low pass microstrip filter;S-parameters;Monte Carlo simulations;frequency 0 GHz to 20 GHz;Uncertainty;Polynomials;Chaos;Monte Carlo methods;Time-domain analysis;Finite difference methods;Lattices;Uncertainty;Finite difference methods;Monte Carlo methods}, 
doi={10.1109/MWSYM.2013.6697507}, 
ISSN={0149-645X}, 
month={June},}

@ARTICLE{austinMicrowave, 
author={A. C. M. Austin and C. D. Sarris}, 
journal={IEEE Transactions on Microwave Theory and Techniques}, 
title={Efficient Analysis of Geometrical Uncertainty in the FDTD Method Using Polynomial Chaos With Application to Microwave Circuits}, 
year={2013}, 
volume={61}, 
number={12}, 
pages={4293-4301}, 
keywords={chaos;finite difference time-domain analysis;geometry;integrated circuit modelling;microwave integrated circuits;Monte Carlo methods;S-parameters;geometrical uncertainty;FDTD method;finite-difference time-domain based method;3D microwave circuits;variability parameters;tolerances parameters;geometrical variation;FDTD algorithm;rectilinear computational lattices;curvilinear computational lattices;generalized polynomial chaos;time-domain electric fields;magnetic fields;orthogonal polynomial chaos basis functions;uncertain mesh parameters;microstrip circuits modeling;S-parameters;Monte Carlo method;Uncertainty;Time-domain analysis;Polynomials;Finite difference methods;Chaos;Lattices;Geometry;Finite difference time domain (FDTD);microwave circuit modeling;statistical modeling;stochastic analysis;uncertainty}, 
doi={10.1109/TMTT.2013.2281777}, 
ISSN={0018-9480}, 
month={Dec},}

@ARTICLE{edwardsDaddy, 
author={R. S. Edwards and A. C. Marvin and S. J. Porter}, 
journal={IEEE Transactions on Electromagnetic Compatibility}, 
title={Uncertainty Analyses in the Finite-Difference Time-Domain Method}, 
year={2010}, 
volume={52}, 
number={1}, 
pages={155-163}, 
keywords={computational electromagnetics;finite difference time-domain analysis;method of moments;Monte Carlo methods;Uncertainty Analyses;Finite-Difference Time-Domain Method;Computational Electromagnetic simulations;Monte Carlo method;computationally efficient methods;polynomial chaos method;method of moments;PCM;Uncertainty;Finite difference methods;Mathematical model;Phase change materials;Equations;Time domain analysis;Moment methods;Computational electromagnetism;finite-difference time domain (FDTD);method of moments (MoM);Monte Carlo;polynomial chaos;uncertainty analysis}, 
doi={10.1109/TEMC.2009.2034645}, 
ISSN={0018-9375}, 
month={Feb},}

@article{zygiridisOverview,  
  author    = "Theodoros T. Zygiridis",  
  title     = {A Short Review of FDTD-Based Methods for Uncertainty Quantification in Computational Electromagnetics},  
  journal   = {Mathematical Problems in Engineering},  
  volume    = {2017},  
  number    = {},  
  year      = {2017},  
  pages     = {8 pages},  
}

@book{shMC,
series = {Applied mathematical sciences BV000005274 6},
isbn = {0387900292},
year = {1971},
title = {A course in computational probability and statistics},
language = {eng},
author = {Freiberger, Walter F},
keywords = {Datenverarbeitung},
}

@book{xiuSpectral,
   title =     {Numerical Methods for Stochastic Computations: A Spectral Method Approach},
   author =    {Dongbin Xiu},
   publisher = {Princeton University Press},
   isbn =      {0691142122,9780691142128},
   year =      {2010},
   series =    {},
   edition =   {},
   volume =    {},
   url =       {http://gen.lib.rus.ec/book/index.php?md5=B9890A9B447EFA8DC779B13E097488C8}}

@book{UQcfd,
   title =     {Spectral Methods for Uncertainty Quantification: With Applications to Computational Fluid Dynamics},
   author =    {O. P. Le Maître, Omar M. Knio  },
   publisher = {Springer Netherlands},
   isbn =      {9789048135196,9048135192},
   year =      {2010},
   series =    {Scientific Computation},
   edition =   {1},
   volume =    {},
   url =       {http://gen.lib.rus.ec/book/index.php?md5=35FE63FD6802F13A5CBA2120ED71C845}}

@book{linop,
series = {Applied mathematical sciences BV000005274 40},
isbn = {0387907483},
year = {1982},
title = {Linear operator theory in engineering and science},
edition = {1. Springer ed., with a few minor corr.},
language = {eng},
author = {Naylor, Arch W},
keywords = {Operatortheorie / Naturwissenschaften},
}


@book{levy,
   title =     {Processus stochastiques et mouvement brownien.},
   author =    {Paul Levy; M. Loeve},
   publisher = {Gauthier-Villars},
   isbn =      {},
   year =      {1965},
   series =    {},
   edition =   {2. éd. rev. et augm.},
   volume =    {},
   url =       {http://gen.lib.rus.ec/book/index.php?md5=1B65316C4A057BD162ACD412720851DA}}
   
@book{uqhandbook,
   title =     {Handbook of Uncertainty Quantification},
   author =    {Roger Ghanem, David Higdon, Houman Owhadi (eds.)},
   publisher = {Springer International Publishing},
   isbn =      {978-3-319-12384-4, 978-3-319-12385-1},
   year =      {2017},
   series =    {},
   edition =   {1},
   volume =    {},
   url =       {http://gen.lib.rus.ec/book/index.php?md5=7F0C2BCF9378824A8B784701EC78888C}}
   
@article{georg,
author = {Georg, Niklas and Loukrezis, Dimitrios and Römer, Ulrich and Schöps, Sebastian},
year = {2018},
month = {07},
pages = {},
title = {Uncertainty quantification for an optical grating coupler with an adjoint-based Leja adaptive collocation method}
}

@book{bronstein,
isbn = {9783808557907},
year = {2016},
title = {Taschenbuch der Mathematik},
edition = {10., überarbeitete Auflage},
language = {ger},
author = {Bronstein, Ilja},
keywords = {Mathematik},
}

@book{levy2additiv,
   title =     {Théorie de l’addition des variables aléatoires},
   author =    {Paul Lévy},
   publisher = {Gauthier-Villars},
   isbn =      {},
   year =      {1937},
   series =    {},
   edition =   {1},
   volume =    {},
   url =       {http://gen.lib.rus.ec/book/index.php?md5=5D32061B342E55E3A1DBEE5569DF5B9A}}
   
  @book{loeve,
   title =     {Probability theory I},
   author =    {M. Loeve},
   publisher = {Springer},
   isbn =      {9780387902104,0387902104,3540902104,9783540902102},
   year =      {1977},
   series =    {},
   edition =   {4th},
   volume =    {},
   url =       {http://gen.lib.rus.ec/book/index.php?md5=6899C9C12D2CB3E8119BB95574515C1A}}
   
   @book{loeve2,
   title =     {Probability theory II},
   author =    {M. Loeve},
   publisher = {Springer},
   isbn =      {9780387902623,9783540902621,0387902627,3540902627},
   year =      {1978},
   series =    {Graduate Texts in Mathematics},
   edition =   {4th},
   volume =    {},
   url =       {http://gen.lib.rus.ec/book/index.php?md5=402A71011F403594EAC525CF121A2B44}}